%% This BibTeX bibliography file was created using BibDesk.
%% http://bibdesk.sourceforge.net/

%% Created for Neil Taylor at 2019-02-19 17:23:34 +0000


%% Saved with string encoding Unicode (UTF-8)


@article{Borenstein,
annote = {Overview and review of sensors and localisation techniques},
author = {Borenstein, J and Everett, H R and Feng, L and Wehe, D},
file = {:home/matt/Downloads/paper64.pdf:pdf},
number = {4},
title = {{Mobile Robot Positioning {\&} Sensors and Techniques}},
volume = {14}
}

@article{Akai,
annote = {Using Multilayer LIDAR to improve Relative Position Measurments (dead-reckoning) AKA. odometry},
author = {Akai, Naoki and Morales, Y and Yamaguchi, Takuma and Takeuchi, Eijiro and Yoshihara, Yuki and Okuda, Hiroyuki and Suzuki, Tatsuya and Ninomiya, Yoshiki},
doi = {10.1109/ITSC.2017.8317797},
title = {{Autonomous Driving Based on Accurate Localization Using Multilayer LiDAR and Dead Reckoning}},
year = {2017}
}

@article{Abbeel,
annote = {First ideas on how to match pointclouds, ICP algorithm first looked at},
author = {Abbeel, Pieter},
file = {:home/matt/.local/share/data/Mendeley Ltd./Mendeley Desktop/Downloaded/Abbeel - Unknown - Scan Matching Overview.pdf:pdf},
pages = {1--26},
title = {{Scan Matching Overview}},
url = {https://people.eecs.berkeley.edu/{~}pabbeel/cs287-fa11/slides/scan-matching.pdf}
}

@article{Levoy,
annote = {Fast ICP matching with 2D point planes. Main idea comes from this paper},
author = {Levoy, Marc},
doi = {10.1109/IM.2001.924423},
file = {:home/matt/.local/share/data/Mendeley Ltd./Mendeley Desktop/Downloaded/Levoy - Unknown - Efficiet Variats of the ICP Algorithm.pdf.pdf:pdf},
isbn = {0769509843},
title = {{Efficiet Variats of the ICP Algorithm}}
}

@misc{Blanco-Claraco2019,
annote = {Useful tools to use with robots},
author = {Blanco-Claraco, Jose-Luis and Koukis, Nikos},
title = {{MRPT (Mobile Robot Programming Toolkit)}},
url = {https://www.mrpt.org/},
year = {2019}
}

@misc{MRPT-ICP,
annote = {MRPT (Mobile Robot Programming Toolkit) ICP algorithm. Basically a tutorial on how to use it.},
author = {Blanco, Jose Luis},
title = {{MRPT Iterative Closest Point (ICP) and other matching algorithms}},
url = {https://www.mrpt.org/Iterative{\_}Closest{\_}Point{\_}{\%}28ICP{\%}29{\_}and{\_}other{\_}matching{\_}algorithms},
urldate = {2019-02-22},
year = {2013}
}

@misc{ROS,
annote = {Robot operating system in which most of aberystywth university's robots run on},
author = {Blasdel, Aaron and Leeper, Adam and Hendrix, Austin and Rockey, Chad and Coleman, Dave and Hershberger, Dave},
booktitle = {ROS (robot operating system)},
title = {{ROS (robot operating system)}},
url = {https://wiki.ros.org/},
year = {2019}
}

@misc{Gazebo,
annote = {Gazebo simulator - The built in and main 3D simulator used for ROS},
author = {Howard, Andrew and Koenig, Nate and Hsu, John},
booktitle = {Open Source Robotics Foundation},
title = {{Gazebo simulator}},
url = {http://gazebosim.org/},
year = {2019}
}

@misc{ROS-Path,
annote = {The ROS global path planner - can be used to guide the robot in the correct direction},
author = {Lu, David V. and Ferguson, Michael and Hoy, Aaron},
title = {{ROS Path Planner}},
url = {https://wiki.ros.org/global{\_}planner},
year = {2019}
}

@misc{RVIS,
annote = {RVIS 3D visulisation tools},
author = {Hershberger, Dave and Gossow, David and Faust, Josh},
title = {{RVis 3D visualisation software}},
url = {https://wiki.ros.org/rviz},
year = {2019}
}

@misc{ROS-NAV,
annote = {The ROS navigation stack},
author = {Marder-Eppstein, Eitan and Ferguson, Michael and Lu, David V. and Hoy, Aaron},
booktitle = {ROS},
title = {{ROS Navigation}},
url = {https://wiki.ros.org/navigation},
year = {2019}
}

@misc{SCRUM,
annote = {Scrum agile methodology - Sprints are taken from this},
author = {Schwaber, Ken and West, Dave and Schwaber, Christina and Eastabrook, Ryan},
booktitle = {scrum},
title = {{Scrum Sprints}},
url = {https://www.scrum.org/resources/what-is-a-sprint-in-scrum},
year = {2019}
}

@misc{TRELLO,
author = {Fog Creek Software},
title = {{Trello}},
url = {https://trello.com/},
year = {2019}
}

@misc{CATKIN,
annote = {Catkin compilation system. Used to compile ROS modules},
author = {Straszheim, Troy and Kjaergaard, Morten and Gerkey, Brian and Thomas, Dirk},
title = {{Catkin}},
url = {https://wiki.ros.org/catkin},
year = {2019}
}
